@article{aldrich1997ra,
  title={RA Fisher and the making of maximum likelihood 1912-1922},
  author={Aldrich, John and others},
  journal={Statistical Science},
  volume={12},
  number={3},
  pages={162--176},
  year={1997},
  publisher={Institute of Mathematical Statistics}
}

@article{fisher1912absolute,
  title={On an absolute criterion for fitting frequency curves.},
  author={Fisher, Ronald Aylmer and others},
  year={1912}
}

@book{fisher1925statistical,
  title={Statistical methods for research workers},
  author={Fisher, Ronald Aylmer},
  year={1925},
  publisher={Genesis Publishing Pvt Ltd}
}

@book{hacking1965logic,
  title={Logic of statistical inference},
  author={Hacking, Ian},
  year={1965},
  publisher={CUP Archive}
}

@article{birnbaum1962foundations,
  title={On the foundations of statistical inference},
  author={Birnbaum, Allan},
  journal={Journal of the American Statistical Association},
  volume={57},
  number={298},
  pages={269--306},
  year={1962},
  publisher={Taylor \& Francis}
}

@article{sundberg1974maximum,
  title={Maximum likelihood theory for incomplete data from an exponential family},
  author={Sundberg, Rolf},
  journal={Scandinavian Journal of Statistics},
  pages={49--58},
  year={1974},
  publisher={JSTOR}
}

@article{martin1974notion,
  title={The Notion of Redundancy and Its Use as a Quantitative Measure of the Discrepancy between a Statistical Hypothesis and a Set of Observational Data [with Discussion]},
  author={Martin-L{\"o}f, Per},
  journal={Scandinavian Journal of Statistics},
  pages={3--18},
  year={1974},
  publisher={JSTOR}
}

@article{dempster1977maximum,
  title={Maximum likelihood from incomplete data via the EM algorithm},
  author={Dempster, Arthur P and Laird, Nan M and Rubin, Donald B},
  journal={Journal of the royal statistical society. Series B (methodological)},
  pages={1--38},
  year={1977},
  publisher={JSTOR}
}

@article{wu1983convergence,
  title={On the convergence properties of the EM algorithm},
  author={Wu, CF Jeff},
  journal={The Annals of statistics},
  pages={95--103},
  year={1983},
  publisher={JSTOR}
}


@article{arcidiacono2003finite,
  title={Finite mixture distributions, sequential likelihood and the EM algorithm},
  author={Arcidiacono, Peter and Jones, John Bailey},
  journal={Econometrica},
  volume={71},
  number={3},
  pages={933--946},
  year={2003},
  publisher={Wiley Online Library}
}